@inproceedings{bifet2007adwin,
  title={Learning from time-changing data with adaptive windowing},
  author={Bifet, Albert and Gavald{\`a}, Ricard},
  booktitle={Proceedings of the 2007 SIAM International Conference on Data Mining},
  pages={443--448},
  year={2007}
}

@book{vovk2005algorithmic,
  title={Algorithmic Learning in a Random World},
  author={Vovk, Vladimir and Gammerman, Alexander and Shafer, Glenn},
  year={2005},
  publisher={Springer}
}

@inproceedings{liu2008isolation,
  title={Isolation Forest},
  author={Liu, Fei Tony and Ting, Kai Ming and Zhou, Zhi-Hua},
  booktitle={2008 Eighth IEEE International Conference on Data Mining},
  pages={413--422},
  year={2008}
}
