@book{vovk2005alrw,
  title        = {Algorithmic Learning in a Random World},
  author       = {Vladimir Vovk and Alexander Gammerman and Glenn Shafer},
  year         = {2005},
  publisher    = {Springer}
}

@article{shafer2008tutorial,
  title        = {A Tutorial on Conformal Prediction},
  author       = {Shafer, Glenn and Vovk, Vladimir},
  journal      = {Journal of Machine Learning Research},
  volume       = {9},
  pages        = {371--421},
  year         = {2008}
}

@inproceedings{bifet2007adwin,
  title        = {Learning from Time-Changing Data with Adaptive Windowing},
  author       = {Bifet, Albert and Gavald{\`a}, Ricard},
  booktitle    = {Proceedings of the SIAM International Conference on Data Mining (SDM)},
  pages        = {443--448},
  year         = {2007}
}

@inproceedings{liu2008iforest,
  title        = {Isolation Forest},
  author       = {Liu, Fei Tony and Ting, Kai Ming and Zhou, Zhi-Hua},
  booktitle    = {2008 Eighth IEEE International Conference on Data Mining (ICDM)},
  pages        = {413--422},
  year         = {2008}
}

@inproceedings{du2017deeplog,
  title        = {DeepLog: Anomaly Detection and Diagnosis from System Logs through Deep Learning},
  author       = {Du, Min and Li, Feifei and Zheng, Guineng and Srikumar, Vivek},
  booktitle    = {Proceedings of the 2017 ACM SIGSAC Conference on Computer and Communications Security (CCS)},
  pages        = {1285--1298},
  year         = {2017}
}

@article{guo2021logbert,
  title        = {LogBERT: Log Anomaly Detection via BERT},
  author       = {Guo, Haixuan and Yuan, Yuan and Liu, Jie and Lv, Tangqiu and others},
  journal      = {arXiv preprint arXiv:2103.04475},
  year         = {2021}
}

@article{salton1988tfidf,
  title        = {Term-weighting approaches in automatic text retrieval},
  author       = {Salton, Gerard and Buckley, Christopher},
  journal      = {Information Processing \& Management},
  volume       = {24},
  number       = {5},
  pages        = {513--523},
  year         = {1988}
}

@inproceedings{vaswani2017attention,
  title        = {Attention Is All You Need},
  author       = {Vaswani, Ashish and Shazeer, Noam and Parmar, Niki and Uszkoreit, Jakob and Jones, Llion and Gomez, Aidan N. and Kaiser, {\L}ukasz and Polosukhin, Illia},
  booktitle    = {Advances in Neural Information Processing Systems (NeurIPS)},
  pages        = {5998--6008},
  year         = {2017}
}

@article{scholkopf2001ocsvm,
  title        = {Estimating the support of a high-dimensional distribution},
  author       = {Sch{\"o}lkopf, Bernhard and Platt, John C. and Shawe-Taylor, John and Smola, Alex J. and Williamson, Robert C.},
  journal      = {Neural Computation},
  volume       = {13},
  number       = {7},
  pages        = {1443--1471},
  year         = {2001}
}

@inproceedings{greenwald2001quantiles,
  title        = {Space-efficient online computation of quantile summaries},
  author       = {Greenwald, Michael and Khanna, Sanjeev},
  booktitle    = {Proceedings of the 2001 ACM SIGMOD International Conference on Management of Data},
  pages        = {58--66},
  year         = {2001}
}

@misc{arche2025logproject,
  title        = {log-project: Streaming, Drift-Aware Log Anomaly Detection},
  author       = {Felipe Arche},
  year         = {2025},
  howpublished = {\url{https://github.com/felipearche/log-project}},
  note         = {Version 0.1.2}
}
